@manual{qa-dresden,
    title= "Versuchsanleitung - Quantenanalogie (QA)",
    organization = "Technische Universit√§t Dresden",
    month= "11",
    year= "2018"
}